%% This BibTeX bibliography file was created using BibDesk.
%% http://bibdesk.sourceforge.net/

%% Created for Hanna Herbstrith at 2015-07-05 13:26:19 +0200 


%% Saved with string encoding Unicode (UTF-8) 



@book{ziegler2012geotechnische,
	Author = {Ziegler, M.},
	Date-Added = {2015-07-05 11:26:08 +0000},
	Date-Modified = {2015-07-05 11:26:08 +0000},
	Isbn = {9783433602089},
	Publisher = {Wiley},
	Series = {Bauingenieur-Praxis},
	Title = {Geotechnische Nachweise nach EC 7 und DIN 1054: Einf{\"u}hrung in Beispielen},
	Url = {https://books.google.at/books?id=HD\_Pbx1t8UoC},
	Year = {2012},
	Bdsk-Url-1 = {https://books.google.at/books?id=HD%5C_Pbx1t8UoC}}
